@article{emm,
	author		= "D.Emm, R.Unuchek, M.Garnaeva, A.Ivanov, D.Makrushin, F.Sinitsyn",
	title			= "IT threat evolution in Q2 2016",
	year			= "2016",
	howpublished 	= "\url{https://securelist.com/analysis/quarterly-malware-reports/75640/it-threat-evolution-in-q2-2016-statistics/}",
	note			= "Accessed 2016-10-10"}

@article{Apvrille,
	author		= "A.Apvrille and R.Nigam",
	title		= "Obfuscation in Android malware, and how to fight back",
	journal		= "Virus Bulletin",
	year		= "2014",
	pages		= "1-10"}

@inproceedings{Christodorescu,
	author		= "M.Christodorescu and S.Jha",
	title			= "Testing malware detectors",
	booktitle		= "ACM SIGSOFT international symposium on Software testing and analysis",
	publisher		= "",
	address		= "New York, NY, USA",
	pages		= "34-44",
	year			= "2004"}

@inproceedings{gordon,
	title={Real world anti-virus product reviews and evaluations--the current state of affairs},
	author={Gordon, Sarah and Ford, Richard},
	booktitle={Proceedings of the 1996 National Information Systems Security Conference},
	year={1996}
}

@inproceedings{barak,
	title={On the (im) possibility of obfuscating programs},
	author={Barak, Boaz and Goldreich, Oded and Impagliazzo, Rusell and Rudich, Steven and Sahai, Amit and Vadhan, Salil and Yang, Ke},
	booktitle={Annual International Cryptology Conference},
	pages={1--18},
	year={2001},
	organization={Springer}
}

@inproceedings{rastogi,
	title={Droidchameleon: evaluating android anti-malware against transformation attacks},
	author={Rastogi, Vaibhav and Chen, Yan and Jiang, Xuxian},
	booktitle={Proceedings of the 8th ACM SIGSAC symposium on Information, computer and communications security},
	pages={329--334},
	year={2013},
	organization={ACM}
}

@inproceedings{rasthofer,
	title={How current android malware seeks to evade automated code analysis},
	author={Rasthofer, Siegfried and Asrar, Irfan and Huber, Stephan and Bodden, Eric},
	booktitle={IFIP International Conference on Information Security Theory and Practice},
	pages={187--202},
	year={2015},
	organization={Springer}
}

@misc{google,
	title 			= "Android security 2014 year in review",
	author 		= "Google",
	howpublished 	= "\url{https://static.googleusercontent.com/media/source.android.com/en//security/reports/Google_Android_Security_2014_Report_Final.pdf}",
	note 			= "Accessed 2016-12-01"}

@techreport{rasthofer2015,
	title={An investigation of the android/badaccents malware which exploits a new android tapjacking attack},
	author={Rasthofer, Siegfried and Asrar, Irfan and Huber, Stephan and Bodden, Eric},
	year={2015},
	institution={Technical report, TU Darmstadt, Fraunhofer SIT and McAfee Mobile Research}
}

@inproceedings{chen2014peeking,
	title={Peeking into your app without actually seeing it: UI state inference and novel android attacks},
	author={Chen, Qi Alfred and Qian, Zhiyun and Mao, Z Morley},
	booktitle={23rd USENIX Security Symposium (USENIX Security 14)},
	pages={1037--1052},
	year={2014}
}s

@inproceedings{androsimilar,
	title={AndroSimilar: robust statistical feature signature for Android malware detection},
	author={Faruki, Parvez and Ganmoor, Vijay and Laxmi, Vijay and Gaur, Manoj Singh and Bharmal, Ammar},
	booktitle={Proceedings of the 6th International Conference on Security of Information and Networks},
	pages={152--159},
	year={2013},
	organization={ACM}
}

@phdthesis{ask,
	title={Automatic malware signature generation},
	author={Ask, Karin},
	year={2006}
}

@misc{androidShare2009,
	title 			= "Global mobile OS market share in sales to end users from 1st quarter 2009 to 1st quarter 2016",
	author 		= "Statista",
	howpublished 	= "\url{https://static.googleusercontent.com/media/source.android.com/en//security/reports/Google_Android_Security_2014_Report_Final.pdf}",
	note 			= "Accessed 2016-12-01"
}

@INPROCEEDINGS{zhou, 
	author={Y. Zhou and X. Jiang}, 
	booktitle={2012 IEEE Symposium on Security and Privacy}, 
	title={Dissecting Android Malware: Characterization and Evolution}, 
	year={2012}, 
	pages={95-109},  
	doi={10.1109/SP.2012.16}, 
	ISSN={1081-6011}, 
	month={May},}
